@book{gallo2003comunicaccao,
	title={Comunica{\c{c}}{\~a}o entre computadores e tecnologias de rede},
	author={GALLO, Michael A and Hancock, William S and da Silva, Fl{\'a}vio Soares Corr{\^e}a and de Freitas Carneiro, M{\'a}rcio Rodrigo and de Melo, Ana Cristina Vieira},
	year={2003},
	publisher={Pioneira Thomson Learning}
}

@book{forouzan2009comunicaccao,
	title={Comunica{\c{c}}{\~a}o de dados e redes de computadores},
	author={FOROUZAN, Behrouz A},
	year={2009},
	publisher={AMGH Editora}
}

@book{ross2009redes,
	title={Redes de Computadores},
	author={ROSS, Julio. },
	volume={1},
	year={2008},
	publisher={Editora Antenna}
}

@online{morimoto2006,
	author = {MORIMOTO, Carlos E.},
	title = {Gateway, a porta de entrada da internet. Acessado em 27-04-2017. Disponível em \textbf{http://www.hardware.com.br/termos/gateway}},
	date = {2005-06-26},
	url = {http://www.hardware.com.br/termos/gateway},
	year = {2005},
	urldate = {2017-04-27},
}

@book{farias2006essncial,
	title={Curso Essencial de Redes.},
	author={FARIAS, Paulo C. B.},
	year={2006},
	volume={2},
	publisher={Editora Digerati}
	edition={1a. edição}
}

@book{torres2015redes,
	title={Redes de computadores},
	author={TORRES, Gabriel},
	year={2015},
	publisher={Novaterra Editora e Distribuidora LTDA}
}

@book{castells2002sociedade,
	title={A sociedade em rede},
	author={CASTELLS, Manuel},
	volume={1},
	year={2002},
	publisher={Funda{\c{c}}{\~a}o Calouste Gulbenkian}
}

@online{napsol2010,
	title={Portal para Redes Temáticas de Pesquisa. \textsc{A}cessado em Abril 2017. Disponível em \textbf{http://napsol.icmc.usp.br/en/node/352}},
	author={NAPSOL},
	year={2017},
	url = {http://napsol.icmc.usp.br/en/node/352},
	date = {2016-07-12},
	year = {2017},
	urldate = {2017-05-16},
}






